%!TEX root = ../main.tex
%
% 
@string{ACME="Archives of Computational Methods in Engineering"}
@string{ADVOPT="Advances in Optics and Photonics"}
@string{ANM="Applied Numerical Mathematics"}
@string{APPLIEDOPT="Applied Optics"}
@string{ASTROPAC="Publications of the Astronomical Society of the Pacific"}
@string{CAF="Computers \& Fluids"}
@string{CAMWA="Computers \& Mathematics with Applications"}
@string{CM="Computational Mechanics"}
@string{CMAM="Computational Methods in Applied Mathematics"}
@string{CMAME="Computer Methods in Applied Mechanics and Engineering"}
@string{COMPVIS="Computing and Visualization in Science"}
@string{CPAM="Communications on Pure and Applied Mathematics"}
@string{CSE="Computing in Science and Engineering"}
@string{FEAD="Finite Elements in Analysis and Design"}
@string{FOCM="Foundations of Computational Mathematics"}
@string{IEEEQ="IEEE Journal of Selected Topics in Quantum Electronics"}
@string{IEEEP="IEEE Photonics Journal"}
@string{IJNME="International Journal for Numerical Methods in Engineering"}
@string{IMAJNA="IMA Journal of Numerical Analysis"}
@string{JCA="Journal of Computational Acoustics"}
@string{JCAM="Journal of Computational and Applied Mathematics"}
@string{JCP="Journal of Computational Physics"}
@string{JLTEDG="Journal of Lightwave Technology"}
@string{JMAA="SIAM Journal on Matrix Analysis and Applications"}
@string{JNA="SIAM Journal on Numerical Analysis"}
@string{JNNFM="Journal of Non-Newtonian Fluid Mechanics"}
@string{JOSAB="Journal of the Optical Society of America"}
@string{JOSC="Journal of Scientific Computing"}
@string{JSC="SIAM Journal on Scientific Computing"}
@string{JSSC="SIAM Journal on Scientific \& Statistical Computing"}
@string{JTCA="Journal of Theoretical and Computational Acoustics"}
@string{LNCSE="Lecture Notes in Computational Science and Engineering"}
@string{LNCSENA="Numerical Analysis of Multiscale Problems. Lecture Notes in Computational Science and Engineering"}
@string{MCAMS="Mathematics of Computation"}
@string{MICRO="Microwave and Optical Technology Letters"}
@string{MMNA="ESAIM: Mathematical Modelling and Numerical Analysis"}
@string{MMS="Multiscale Modeling and Simulation"}
@string{NATPHO="Nature Photonics"}
@string{NLAWA="Numerical Linear Algebra with Applications"}
@string{NM="Numerische Mathematik"}
@string{NMPDE="Numerical Methods for Partial Differential Equations"}
@string{OPLEDP="Optics Letters"}
@string{OPTEXP="Optics Express"}
@string{PCOMP="Parallel Computing"}
@string{SIAMREV="SIAM Review"}



