%!TEX root = ../main.tex
%
% 
@string{ACME="Arch. Comput. Methods Eng."}
@string{ADVOPT="Adv. Opt. Photonics"}
@string{ANM="Appl. Numer. Math."}
@string{APPLIEDOPT="Appl. Opt."}
@string{ASTROPAC="Publ. Astron. Soc. Pac."}
@string{CAF="Comput. Fluids"}
@string{CAMWA="Comput. Math. Appl."}
@string{CM="Comput. Mech."}
@string{CMAM="Comput. Methods Appl. Math."}
@string{CMAME="Comput. Methods Appl. Mech. Engrg."}
@string{COMPVIS="Comput. Visual Sci."}
@string{CPAM="Comm. Pure Appl. Math."}
@string{CSE="Comput. Sci. Eng."}
@string{FEAD="Finite Elem. Anal. Des."}
@string{FOCM="Found. Comput. Math."}
@string{IEEEQ="IEEE J. Sel. Top. Quantum Electron."}
@string{IEEEP="IEEE Photonics J."}
@string{IJNME="Int. J. Numer. Methods Eng."}
@string{IMAJNA="IMA J. Numer. Anal."}
@string{JCA="J. Comput. Acoust."}
@string{JCAM="J. Comput. Appl. Math."}
@string{JCP="J. Comput. Phys."}
@string{JLTEDG="J. Light. Technol."}
@string{JMAA="SIAM J. Matrix Anal. Appl."}
@string{JNA="SIAM J. Numer. Anal."}
@string{JNNFM="J. Non-Newton. Fluid Mech."}
@string{JOSAB="J. Opt. Soc. Am. B"}
@string{JOSC="J. Sci. Comput."}
@string{JSC="SIAM J. Sci. Comput."}
@string{JSSC="SIAM J. Sci. Statist. Comput."}
@string{JTCA="J. Theor. Comput. Acoust."}
@string{LNCSE="Lect. Notes Comput. Sci. Eng."}
@string{LNCSENA="Numerical Analysis of Multiscale Problems. Lect. Notes Comput. Sci. Eng."}
@string{MCAMS="Math. Comput."}
@string{MICRO="Microw. Opt. Technol. Lett."}
@string{MMNA="ESAIM Math. Model. Numer. Anal."}
@string{MMS="Multiscale Model. Simul."}
@string{NATPHO="Nat. Photonics"}
@string{NLAWA="Numer. Linear Algebra Appl."}
@string{NM="Numer. Math."}
@string{NMPDE="Numer. Methods Partial Differ. Equ."}
@string{OPLEDP="Opt. Lett."}
@string{OPTEXP="Opt. Express"}
@string{PCOMP="Parallel Comput."}
@string{SIAMREV="SIAM Rev."}



