
@article{henneking2024envelope,
   author = {Henneking, Stefan and Grosek, Jacob and Demkowicz, Leszek},
   title = {A vectorial envelope {Maxwell} formulation for electromagnetic waveguides with application to nonlinear fiber optics},
   year = {2024},
   journal = {arXiv preprint}}

@article{henneking2024hp3d,
   title = {{$hp$3D}: a scalable {MPI/OpenMP} $hp$-adaptive finite element software library for complex multiphysics applications},
   author = {Henneking, Stefan and Petrides, Socratis and Fuentes, Federico and Badger, Jacob and Demkowicz, Leszek},
   publisher = {The Open Journal},
   journal = JOSS,
   year = {2024},
   volume = {9},
   number = {95},
   pages = {5946},
   doi = {10.21105/joss.05946}}

@article{chakraborty2024hp,
   author = {Chakraborty, Ankit and Henneking, Stefan and Demkowicz, Leszek},
   title = {An anisotropic $hp$-adaptation framework for ultraweak discontinuous {Petrov--Galerkin} formulations},
   journal = CAMWA,
   volume = {167},
   pages = {315--327},
   year = {2024},
   publisher = {Elsevier},
   doi = {10.1016/j.camwa.2024.05.025}}

@article{demkowicz2024waveguide3,
   author = {Demkowicz, Leszek and Gopalakrishnan, Jay and Heuer, Norbert},
   journal = {Oden Institute Report 24-01},
   title = {Stability analysis for acoustic waveguides. {P}art 3: impedance boundary conditions},
   year = {2024}}

@article{demkowicz2024waveguide2,
   author = {Demkowicz, Leszek and Melenk, Jens M. and Badger, Jacob and Henneking, Stefan},
   journal = ACOM,
   title = {Stability analysis for electromagnetic waveguides. {P}art 2: non-homogeneous waveguides},
   volume = {50},
   number = {35},
   year = {2024},
   doi = {10.1007/s10444-024-10130-x}}

@article{melenk2023waveguide1,
   author = {Melenk, Jens M. and Demkowicz, Leszek and Henneking, Stefan},
   title = {Stability analysis for electromagnetic waveguides. {P}art 1: acoustic and homogeneous electromagnetic waveguides},
   year = {2023},
   journal = {arXiv preprint arXiv:2207.12211},
   doi = {10.48550/arXiv.2307.04521}}

@article{badger2023scalable,
   title = {Scalable {DPG} multigrid solver for {Helmholtz} problems: a study on convergence},
   author = {Badger, Jacob and Henneking, Stefan and Petrides, Socratis and Demkowicz, Leszek},
   journal = CAMWA,
   volume = {148},
   pages = {81--92},
   year = {2023},
   publisher = {Elsevier},
   doi = {10.1016/j.camwa.2023.07.006}}

@inproceedings{henneking2022parallel,
   author = {Henneking, Stefan and Grosek, Jacob and Demkowicz, Leszek},
   editor = {Melenk, Jens M. and Perugia, Ilaria and Sch{\"o}berl, Joachim and Schwab, Christoph},
   title = {Parallel simulations of high-power optical fiber amplifiers},
   booktitle = {Spectral and High Order Methods for Partial Differential Equations ICOSAHOM 2020+1},
   year = {2022},
   publisher = {Springer},
   pages = {349--360},
   doi = {10.1007/978-3-031-20432-6}}

@phdthesis{henneking2021phd,
   author = {Henneking, Stefan},
   school = {The University of Texas at Austin},
   title = {A scalable $hp$-adaptive finite element software with applications in fiber optics},
   year = {2021},
   doi = {10.26153/tsw/13716}}

@article{henneking2021pollution,
   title = {A numerical study of the pollution error and {DPG} adaptivity for long waveguide simulations},
   author = {Henneking, Stefan and Demkowicz, Leszek},
   journal = CAMWA,
   publisher = {Elsevier},
   volume = {95},
   pages = {85--100},
   year = {2021},
   doi = {10.1016/j.camwa.2020.03.024}}

@article{henneking2021fiber,
   title = {Model and computational advancements to full vectorial {Maxwell} model for studying fiber amplifiers},
   author = {Henneking, Stefan and Grosek, Jacob and Demkowicz, Leszek},
   journal = CAMWA,
   volume = {85},
   pages = {30--41},
   year = {2021},
   publisher = {Elsevier},
   doi = {10.1016/j.camwa.2021.01.006}}

@article{roberts2021time,
   title = {Time-stepping {DPG} formulations for the heat equation},
   author = {Roberts, Nathan V. and Henneking, Stefan},
   journal = CAMWA,
   publisher = {Elsevier},
   volume = {95},
   pages = {242--255},
   year = {2021},
   doi = {10.1016/j.camwa.2020.05.024}}

@article{badger2020fast,
   title = {Sum factorization for fast integration of {DPG} matrices on prismatic elements},
   author = {Badger, Jacob and Henneking, Stefan and Demkowicz, Leszek},
   journal = FEAD,
   publisher = {Elsevier},
   volume = {172},
   pages = {103385},
   year = {2020},
   doi = {10.1016/j.finel.2020.103385}}

@article{hpUserManual,
   author = {Henneking, Stefan and Demkowicz, Leszek},
   title = {{$hp$3D user manual}},
   year = {2022},
   journal = {arXiv preprint arXiv:2207.12211},
   doi = {10.48550/arXiv.2207.12211}}

@book{hpbook3,
   author = {Henneking, Stefan and Demkowicz, Leszek and Petrides, Socratis and Fuentes, Federico and Keith, Brendan and Gatto, Paolo},
   publisher = {In preparation},
   title = {Computing with $hp$ finite elements. {III. Parallel $hp$3D} code},
   year = {2024}}

@book{hpbook2,
   author = {Demkowicz, Leszek and Kurtz, Jason and Pardo, David and Paszy\'{n}ski, Maciej and Rachowicz, Waldemar and Zdunek, Adam},
   publisher = {Chapman \& Hall/CRC},
   title = {Computing with $hp$ finite elements. {II. Frontiers:} three dimensional elliptic and {Maxwell} problems with applications},
   year = {2007},
   doi = {10.1201/9781420011692}}

@book{hpbook,
   author = {Demkowicz, Leszek},
   publisher = {Chapman \& Hall/CRC Press, Taylor and Francis},
   title = {Computing with $hp$ finite elements. {I. One} and two dimensional elliptic and {Maxwell} problems},
   year = {2006},
   doi = {10.1201/9781420011685}}

@book{demkowicz2023fem,
   author = {Demkowicz, Leszek},
   title = {Mathematical theory of finite elements},
   publisher = {Society for Industrial and Applied Mathematics},
   year = {2023},
   doi = {10.1137/1.9781611977738}}

@phdthesis{badger2024phd,
   author = {Badger, Jacob},
   school = {The University of Texas at Austin},
   title = {Scalable {DPG} multigrid solver with applications in high-frequency wave propagation},
   year = {2024},
   doi = {10.26153/tsw/55685}}

@phdthesis{chakraborty2022phd,
  title = {Optimal approximation spaces for discontinuous {Petrov--Galerkin} schemes with optimal test functions},
  author = {Chakraborty, Ankit},
  school = {Rheinisch-Westf{\"a}lische Technische Hochschule Aachen},
  year = {2022}}

@phdthesis{petrides2019phd,
   author = {Petrides, Socratis},
   School = {The University of Texas at Austin},
   title = {Adaptive multilevel solvers for the discontinuous {Petrov--Galerkin} method with an emphasis on high-frequency wave propagation problems},
   year = {2019},
   doi = {10.26153/tsw/2153}}

@phdthesis{fuentes2018phd,
   title = {Various applications of discontinuous {Petrov--Galerkin} ({DPG}) finite element methods},
   author = {Fuentes, Federico},
   school = {The University of Texas at Austin},
   year = {2018},
   doi = {2152/65710}}

@phdthesis{mora2020polydpg,
   title = {Poly{DPG}: A discontinuous {P}etrov--{G}alerkin methodology for polytopal meshes with applications to elasticity},
   author = {Mora, Jaime D.},
   school = {The University of Texas at Austin},
   year = {2020},
   doi = {10.26153/tsw/12412}}

@article{petrides2021adaptive,
   title = {An adaptive multigrid solver for {DPG} methods with applications in linear acoustics and electromagnetics},
   author = {Petrides, Socratis and Demkowicz, Leszek},
   journal = CAMWA,
   volume = {87},
   pages = {12-26},
   year = {2021},
   doi = {10.1016/j.camwa.2021.01.017}}

@article{li2021lp,
   title = {An {Lp-DPG} method for the convection-diffusion problem},
   author = {Li, Jiaqi and Demkowicz, Leszek},
   journal = CAMWA,
   publisher = {Elsevier},
   volume = {95},
   pages = {172--185},
   year = {2021}}

@article{bui2014pde,
   title = {A {PDE}-constrained optimization approach to the discontinuous {Petrov--Galerkin} method with a trust region inexact {Newton-CG} solver},
   author = {Bui-Thanh, Tan and Ghattas, Omar},
   journal = CMAME,
   volume = {278},
   pages = {20--40},
   year = {2014},
   publisher = {Elsevier}}

@article{ernesti2019spacetime,
   title = {Space-time discontinuous {Petrov--Galerkin} methods for linear wave equations in heterogeneous media},
   author = {Ernesti, J. and Wieners, Christian},
   journal = CMAM,
   volume = {19},
   number = {3},
   pages = {465--481},
   year = {2019},
   publisher = {De Gruyter}}

 @incollection{gopala2019spacetime,
   title = {A space-time {DPG} method for the wave equation in multiple dimensions},
   author = {Gopalakrishnan, Jay and Sep{\'u}lveda, P.},
   booktitle = {Space-Time Methods: Applications to Partial Differential Equations},
   year = {2019},
   publisher = {De Gruyter},
   pages = {117--140}}

@article{salazar2019enriched,
   title = {Alternative enriched test spaces in the {DPG} method for singular perturbation problems},
   author = {Salazar, Jacob and Mora, Jaime David and Demkowicz, Leszek},
   journal = CMAM,
   volume = {19},
   number = {3},
   pages = {603--630},
   year = {2019},
   publisher = {De Gruyter}}

@incollection{ernst2012difficult,
   title = {Why it is difficult to solve {Helmholtz} problems with classical iterative methods},
   author = {Ernst, O.G. and Gander, Martin J.},
   booktitle = LNCSENA,
   volume = {83},
   pages = {325--363},
   publisher = {Springer},
   year = {2012}}

@article{gander2019class,
   title = {A class of iterative solvers for the {Helmholtz} equation: factorizations, sweeping preconditioners, source transfer, single layer potentials, polarized traces, and optimized {Schwarz} methods},
   author = {Gander, Martin J. and Zhang, H.},
   journal = SIAMREV,
   volume = {61},
   number = {1},
   pages = {3--76},
   year = {2019},
   publisher = {SIAM}}

@article{engquist2011sweeping1,
   title = {Sweeping preconditioner for the {Helmholtz} equation: hierarchical matrix representation},
   author = {Engquist, Bjorn and Ying, Lexing},
   journal = CPAM,
   volume = {64},
   number = {5},
   pages = {697--735},
   year = {2011},
   publisher = {Wiley Online Library}}

@article{engquist2011sweeping2,
   title = {Sweeping preconditioner for the {Helmholtz} equation: moving perfectly matched layers},
   author = {Engquist, Bjorn and Ying, Lexing},
   journal = MMS,
   volume = {9},
   number = {2},
   pages = {686--710},
   year = {2011},
   publisher = {SIAM}}

@article{engquist2012maxwell,
   title = {A sweeping preconditioner for time-harmonic {Maxwell's} equations with finite elements},
   author = {Tsuji, P. and Engquist, B. and Ying, L.},
   journal = JCP,
   volume = {231},
   number = {9},
   pages = {3770--3783},
   year = {2012},
   publisher = {Elsevier}}

@article{chen2013source,
   title = {A source transfer domain decomposition method for {Helmholtz} equations in unbounded domain},
   author = {Chen, Z. and Xiang, X.},
   journal = JNA,
   volume = {51},
   number = {4},
   pages = {2331--2356},
   year = {2013},
   publisher = {SIAM}}

@article{gopalakrishnan2003overlapping,
   title = {Overlapping {Schwarz} preconditioners for indefinite time harmonic {Maxwell} equations},
   author = {Gopalakrishnan, Jay and Pasciak, J.},
   journal = MCAMS,
   volume = {72},
   number = {241},
   pages = {1--15},
   year = {2003}}

@article{leng2020diagonal,
   title = {A diagonal sweeping domain decomposition method with source transfer for the {Helmholtz} equation},
   author = {Leng, W. and Ju, L.},
   journal = {arXiv preprint arXiv:2002.05327},
   year = {2020}}

 @article{taus2020lsweeps,
   title = {L-{Sweeps}: a scalable, parallel preconditioner for the high-frequency {Helmholtz} equation},
   author = {Taus, M. and Zepeda-N{\'u}{\~n}ez, L. and Hewett, R.J. and Demanet, L.},
   journal = JCP,
   volume = {420},
   pages = {109706},
   year = {2020},
   publisher = {Elsevier}}

 @article{gander2015applying,
   title = {Applying {GMRES} to the {Helmholtz} equation with shifted {Laplacian} preconditioning: what is the largest shift for which wavenumber-independent convergence is guaranteed?},
   author = {Gander, Martin J. and Graham, I.G. and Spence, E.A.},
   journal = NM,
   volume = {131},
   number = {3},
   pages = {567--614},
   year = {2015},
   publisher = {Springer}}

@article{stolk2014multigrid,
   title = {A multigrid method for the {Helmholtz} equation with optimized coarse grid corrections},
   author = {Stolk, C.C. and Ahmed, M. and Bhowmik, S.K.},
   journal = JSC,
   volume = {36},
   number = {6},
   pages = {A2819--A2841},
   year = {2014},
   publisher = {SIAM}}

@article{demkowicz2010part1,
   title = {A class of discontinuous {Petrov--Galerkin} methods. {Part I}: the transport equation},
   author = {Demkowicz, Leszek and Gopalakrishnan, Jay},
   journal = CMAME,
   volume = {199},
   number = {23-24},
   pages = {1558--1572},
   year = {2010},
   publisher = {Elsevier}}

@article{demkowicz2011part2,
   author = {Demkowicz, Leszek and Gopalakrishnan, Jay},
   journal = NMPDE,
   number = {1},
   pages = {70--105},
   publisher = {Wiley Online Library},
   title = {A class of discontinuous {Petrov--Galerkin} methods. {II}. {Optimal} test functions},
   volume = {27},
   year = {2011},
   doi = {10.1002/num.20640}}

@article{demkowicz2012part3,
   author = {Demkowicz, Leszek and Gopalakrishnan, Jay and Niemi, Antti H.},
   journal = ANM,
   number = {4},
   pages = {396--427},
   publisher = {Elsevier},
   title = {A class of discontinuous {Petrov--Galerkin} methods. {Part III}: adaptivity},
   volume = {62},
   year = {2012}}

@article{zitelli2011part4,
   title = {A class of discontinuous {Petrov--Galerkin} methods. {Part IV}: the optimal test norm and time-harmonic wave propagation in {1D}},
   author = {Zitelli, J. and Muga, Ignacio and Demkowicz, Leszek and Gopalakrishnan, Jay and Pardo, David and Calo, Victor M.},
   journal = JCP,
   volume = {230},
   number = {7},
   pages = {2406--2432},
   year = {2011},
   publisher = {Elsevier}}

@article{demkowicz2011poisson,
   title = {Analysis of the {DPG} method for the {Poisson} equation},
   author = {Demkowicz, Leszek and Gopalakrishnan, Jay},
   journal = JNA,
   volume = {49},
   number = {5},
   pages = {1788--1809},
   year = {2011},
   publisher = {SIAM}}

@article{roberts2014stokes,
   title = {The {DPG} method for the {Stokes} problem},
   author = {Roberts, Nathan V. and Bui-Thanh, Tan and Demkowicz, Leszek},
   journal = CAMWA,
   volume = {67},
   number = {4},
   pages = {966--995},
   year = {2014},
   publisher = {Elsevier}}

@article{niemi2011dpg,
   title = {Discontinuous {Petrov--Galerkin} method with optimal test functions for thin-body problems in solid mechanics},
   author = {Niemi, Antti H. and Bramwell, Jamie and Demkowicz, Leszek},
   journal = CMAME,
   volume = {200},
   number = {9-12},
   pages = {1291--1300},
   year = {2011},
   publisher = {Elsevier}}

@article{barker2018scalable,
   title = {A scalable preconditioner for a primal discontinuous {Petrov--Galerkin} method},
   author = {Barker, A.T. and Dobrev, V. and Gopalakrishnan, Jay and Kolev, Tzanio},
   journal = JSC,
   volume = {40},
   number = {2},
   pages = {A1187--A1203},
   year = {2018},
   publisher = {SIAM}}

@article{li2017prec,
   title = {Domain decomposition preconditioners for the discontinuous {Petrov--Galerkin} method},
   author = {Li, X. and Xu, X.},
   journal = MMNA,
   volume = {51},
   number = {3},
   pages = {1021--1044},
   year = {2017},
   publisher = {EDP Sciences}}

@incollection{gopala2015prec,
   title = {Degree and wavenumber [in] dependence of {Schwarz} preconditioner for the {DPG} method},
   author = {Gopalakrishnan, Jay and Sch{\"o}berl, Joachim},
   booktitle = {Spectral and High Order Methods for Partial Differential Equations ICOSAHOM 2014},
   pages = {257--265},
   year = {2015},
   publisher = {Springer}}

@article{munoz2020dpg,
   title = {Equivalence between the {DPG} method and the {Exponential Integrators} for linear parabolic problems},
   author = {Mu{\~n}oz-Matute, Judit and Pardo, David and Demkowicz, Leszek},
   journal = JCP,
   pages = {110016},
   year = {2020},
   publisher = {Elsevier}}

@article{munoz2021dpg,
   title = {A {DPG}-based time-marching scheme for linear hyperbolic problems},
   author = {Mu{\~n}oz-Matute, Judit and Pardo, David and Demkowicz, Leszek},
   journal = CMAME,
   volume = {373},
   pages = {113539},
   year = {2021},
   publisher = {Elsevier}}

@article{bertrand2019recent,
   title = {Recent advances in least-squares and discontinuous {Petrov--Galerkin} finite element methods},
   author = {Bertrand, F. and Demkowicz, Leszek and Gopalakrishnan, Jay and Heuer, Norbert},
   journal = CMAM,
   volume = {19},
   number = {3},
   pages = {395--397},
   year = {2019},
   publisher = {De Gruyter}}

@article{tofu2019plate,
   title = {An ultraweak formulation of the {Kirchhoff--Love} plate bending model and {DPG} approximation},
   author = {F{\"u}hrer, Thomas and Heuer, Norbert and Niemi, Antti H.},
   journal = MCAMS,
   volume = {88},
   number = {318},
   pages = {1587--1619},
   year = {2019}}

@article{heuer2017robust,
   title = {A robust {DPG} method for singularly perturbed reaction-diffusion problems},
   author = {Heuer, Norbert and Karkulik, M.},
   journal = JNA,
   volume = {55},
   number = {3},
   pages = {1218--1242},
   year = {2017},
   publisher = {SIAM}}

@article{tofu2017robust,
   title = {Robust coupling of {DPG} and {BEM} for a singularly perturbed transmission problem},
   author = {F{\"u}hrer, Thomas and Heuer, Norbert},
   journal = CAMWA,
   volume = {74},
   number = {8},
   pages = {1940--1954},
   year = {2017},
   publisher = {Elsevier}}

@article{tofu2020plate,
   title = {An ultraweak formulation of the {Reissner--Mindlin} plate bending model and {DPG} approximation},
   author = {F{\"u}hrer, Thomas and Heuer, Norbert and Sayas, F. J.},
   journal = NM,
   volume = {145},
   number = {2},
   pages = {313--344},
   year = {2020},
   publisher = {Springer}}

@book{ihlenburg2006scattering,
   title = {Finite element analysis of acoustic scattering},
   author = {Ihlenburg, F.},
   volume = {132},
   year = {2006},
   publisher = {Springer Science \& Business Media}}

@article{ihlenburg1995pollution,
   title = {Finite element solution of the {Helmholtz} equation with high wave number part I: the h-version of the {FEM}},
   author = {Ihlenburg, F. and Babu{\v{s}}ka, I.},
   journal = CAMWA,
   volume = {30},
   number = {9},
   pages = {9--37},
   year = {1995},
   publisher = {Elsevier}}

@article{ihlenburg1997pollution,
   author = {Ihlenburg, F. and Babu{\v{s}}ka, I.},
   journal = JNA,
   number = {1},
   pages = {315--358},
   publisher = {SIAM},
   title = {Finite element solution of the {Helmholtz} equation with high wave number part {II}: the h-p version of the {FEM}},
   volume = {34},
   year = {1997}}

@article{aziz1988pollution,
   title = {A two point boundary value problem with a rapidly oscillating solution},
   author = {Aziz, A. K. and Kellogg, R. B. and Stephens, A. B.},
   journal = NM,
   volume = {53},
   number = {1-2},
   pages = {107--121},
   year = {1988},
   publisher = {Springer}}

@article{amestoy2001mumps,
   title = {A fully asynchronous multifrontal solver using distributed dynamic scheduling},
   author = {Amestoy, P. R. and Duff, I. S. and L'Excellent, J. Y. and Koster, J.},
   journal = JMAA,
   number = {1},
   pages = {15--41},
   publisher = {SIAM},
   volume = {23},
   year = {2001},
   doi = {10.1137/S0895479899358194}}

@article{pt-scotch,
   title = {{PT-Scotch}: a tool for efficient parallel graph ordering},
   author = {Chevalier, C. and Pellegrini, F.},
   journal = PCOMP,
   volume = {34},
   number = {6-8},
   pages = {318--331},
   year = {2008},
   publisher = {Elsevier},
   doi = {10.1016/j.parco.2007.12.001}}

@article{parmetis,
   title = {A fast and high quality multilevel scheme for partitioning irregular graphs},
   author = {Karypis, G. and Kumar, V.},
   journal = JSC,
   volume = {20},
   number = {1},
   pages = {359--392},
   year = {1998},
   publisher = {SIAM},
   doi = {10.1137/S1064827595287997}}

@online{hdf5,
   author = {{The HDF Group}},
   title = "{Hierarchical data format version 5}",
   url = {http://www.hdfgroup.org/HDF5}}

@techreport{petsc-user-ref,
   author        = {Satish Balay and Shrirang Abhyankar and Mark~F. Adams and Steven Benson and Jed
                  Brown and Peter Brune and Kris Buschelman and Emil Constantinescu and Lisandro
                  Dalcin and Alp Dener and Victor Eijkhout and Jacob Faibussowitsch and William~D.
                  Gropp and V\'{a}clav Hapla and Tobin Isaac and Pierre Jolivet and Dmitry Karpeev
                  and Dinesh Kaushik and Matthew~G. Knepley and Fande Kong and Scott Kruger and
                  Dave~A. May and Lois Curfman McInnes and Richard Tran Mills and Lawrence Mitchell
                  and Todd Munson and Jose~E. Roman and Karl Rupp and Patrick Sanan and Jason Sarich
                  and Barry~F. Smith and Stefano Zampini and Hong Zhang and Hong Zhang and Junchao
                  Zhang},
   title         = {{PETSc/TAO} Users Manual},
   institution   = {Argonne National Laboratory},
   number        = {ANL-21/39 - Revision 3.20},
   doi           = {10.2172/2205494},
   year          = {2023}}

@article{schoberl1997netgen,
   author = {Sch{\"o}berl, Joachim},
   journal = COMPVIS,
   number = {1},
   pages = {41--52},
   publisher = {Springer},
   title = {{NETGEN} an advancing front {2D/3D}-mesh generator based on abstract rules},
   volume = {1},
   year = {1997}}

@techreport{blacker1994cubit,
   author = {Blacker, T. D. and Bohnhoff, W. J. and Edwards, T. L.},
   Institution = {Sandia National Laboratories},
   title = {{CUBIT} mesh generation environment. {Volume} 1: users manual},
   year = {1994}}

@article{george1973nested,
   author = {George, A.},
   journal = JNA,
   number = {2},
   pages = {345--363},
   publisher = {SIAM},
   title = {Nested dissection of a regular finite element mesh},
   volume = {10},
   year = {1973}}

@book{bedford2023elastic,
   title = {Introduction to elastic wave propagation},
   author = {Bedford, Anthony and Drumheller, Douglas S},
   year = {2023},
   publisher = {Springer Nature}}

@article{demkowicz2021double,
   title = {The double adaptivity paradigm: (how to circumvent the discrete inf--sup conditions of {Babu\v{s}ka} and {Brezzi})},
   author = {Demkowicz, Leszek and F{\"u}hrer, Thomas and Heuer, Norbert and Tian, Xiaochuan},
   journal = CAMWA,
   volume = {95},
   pages = {41--66},
   year = {2021},
   publisher = {Elsevier},
   doi = {10.1016/j.camwa.2020.10.002}}

@misc{arbogast2010cam,
   author = {Arbogast, Todd and Bona, J. L.},
   Note = {Lecture notes; The University of Texas at Austin},
   title = {Functional analysis for the applied mathematician},
   year = {2010}}

@book{oden2017applied,  
   author = {Oden, J. Tinsley and Demkowicz, Leszek F.},
   title = {Applied Functional Analysis for Science and Engineering},
   publisher = {Chapman and Hall/CRC},
   year = {2017}}

@misc{demkowicz2018spaces,
   author = {Demkowicz, Leszek},
   Note = {Lecture notes; The University of Texas at Austin},
   title = {Energy {S}paces},
   year = {2018}}

@article{demkowicz2013robust,
   title = {Robust {DPG} method for convection-dominated diffusion problems},
   author = {Demkowicz, Leszek and Heuer, Norbert},
   journal = JNA,
   volume = {51},
   number = {5},
   pages = {2514--2537},
   year = {2013},
   publisher = {SIAM}}

@article{astaneh2018poly,
   title = {High-order polygonal discontinuous {Petrov--Galerkin} {(PolyDPG)} methods using ultraweak formulations},
   author = {Astaneh, Ali V. and Fuentes, Federico and Mora, Jaime David and Demkowicz, Leszek},
   journal = CMAME,
   volume = {332},
   pages = {686--711},
   year = {2018},
   publisher = {Elsevier}}

@article{dahmen2012adaptive,
   title = {Adaptive Petrov--Galerkin methods for first order transport equations},
   author = {Dahmen, Wolfgang and Huang, Chunyan and Schwab, Christoph and Welper, Gerrit},
   journal = JNA,
   volume = {50},
   number = {5},
   pages = {2420--2445},
   year = {2012},
   publisher = {SIAM}}

@article{cohen2012adaptivity,
   author = {Cohen, Albert and Dahmen, Wolfgang and Welper, Gerrit},
   journal = MMNA,
   number = {5},
   pages = {1247--1273},
   publisher = {EDP Sciences},
   title = {Adaptivity and variational stabilization for convection-diffusion equations},
   volume = {46},
   year = {2012}}

@techreport{khaira1992nested,
   author = {Khaira, M. S. and Miller, G. L. and Sheffler, T. J.},
   Institution = {Carnegie-Mellon University. Department of Computer Science},
   number = {CMU-CS-92-106R},
   title = {Nested dissection: a survey and comparison of various nested dissection algorithms},
   year = {1992}}

@article{dorfler1996marking,
   author = {D{\"o}rfler, W.},
   journal = JNA,
   number = {3},
   pages = {1106--1124},
   publisher = {SIAM},
   title = {A convergent adaptive algorithm for {Poisson's} equation},
   volume = {33},
   year = {1996},
   doi = {10.1137/0733054}}

@article{engquist1977absorbing,
   title = {Absorbing boundary conditions for numerical simulation of waves},
   author = {Engquist, Bj{\"o}rn and Majda, Andrew},
   journal = MCAMS,
   number = {139},
   pages = {629--651},
   publisher = {American Mathematical Society},
   volume = {31},
   year = {1977},
   doi = {10.1073/pnas.74.5.1765}}

@article{berenger1994pml,
   author = {B{\'e}renger, Jean-Pierre},
   journal = JCP,
   number = {2},
   pages = {185--200},
   publisher = {New York, Academic Press.},
   title = {A perfectly matched layer for the absorption of electromagnetic waves},
   volume = {114},
   year = {1994},
   doi = {10.1006/jcph.1994.1159}}

@article{chew1994pml,
   author = {Chew, W. C. and Weedon, W. H.},
   journal = MICRO,
   number = {13},
   pages = {599--604},
   publisher = {Wiley Online Library},
   title = {A {3D} perfectly matched medium from modified {Maxwell's} equations with stretched coordinates},
   volume = {7},
   year = {1994},
   doi = {10.1002/mop.4650071304}}

@article{bramble2007analysis,
   author = {Bramble, J. and Pasciak, J.},
   journal = MCAMS,
   number = {258},
   pages = {597--614},
   title = {Analysis of a finite {PML} approximation for the three dimensional time-harmonic Maxwell and acoustic scattering problems},
   volume = {76},
   year = {2007},
   doi = {10.1090/S0025-5718-06-01930-2}}

@article{michler2007pml,
   author = {Michler, C. and Demkowicz, Leszek and Kurtz, J. and Pardo, David},
   journal = NMPDE,
   number = {4},
   pages = {832--858},
   publisher = {Wiley Online Library},
   title = {Improving the performance of perfectly matched layers by means of hp-adaptivity},
   volume = {23},
   year = {2007},
   doi = {10.1002/num.20252}}

@incollection{demkowicz2008interp,
   author = {Demkowicz, Leszek},
   title = {Polynomial exact sequences and projection-based interpolation with application to {Maxwell} equations},
   booktitle = {Mixed Finite Elements, Compatibility Conditions, and Applications},
   editor= {Boffi, Daniele and Gastaldi, Lucia},
   pages = {101--158},
   publisher = {Springer},
   year = {2008},
   doi = {10.1007/978-3-540-78319-0_3}}

@article{muga2020banach,
   title = {Discretization of linear problems in {Banach} spaces: {Residual} minimization, nonlinear {Petrov--Galerkin}, and monotone mixed methods},
   author = {Muga, I. and van der Zee, K. G.},
   journal = JNA,
   volume = {58},
   number = {6},
   pages = {3406--3426},
   year = {2020},
   publisher = {SIAM}}

@article{li2020banach,
   title = {An {Lp-DPG} method for the convection-diffusion problem},
   author = {Li, Jiaqi and Demkowicz, Leszek},
   journal = CAMWA,
   year = {2020},
   publisher = {Elsevier}}

@inproceedings{rachowicz2020flow,
   title = {A discontinuous {Petrov--Galerkin} method for compressible viscous flows in three dimensions},
   author = {Rachowicz, W. and Zdunek, A. and Cecot, W.},
   booktitle = {AIP Conference Proceedings},
   volume = {2239},
   number = {1},
   pages = {020044},
   year = {2020},
   organization = {AIP Publishing LLC}}

@article{bacuta2020poly,
   title = {Analysis of non-conforming {DPG} methods on polyhedral meshes using fractional {Sobolev} norms},
   author = {Bacuta, C. and Demkowicz, Leszek and Mora, Jaime David and Xenophontos, C.},
   journal = CAMWA,
   year = {2020},
   publisher = {Elsevier}}

@article{demkowicz1989-hp1,
   author = {Demkowicz, Leszek and Oden, J.T. and Rachowicz, W.},
   journal = CMAME,
   pages = {79-112},
   title = {Toward a universal $hp$ adaptive finite element strategy. {Part 1:} constrained approximation and data structure},
   volume = {77},
   year = {1989}}

@article{demkowicz1989-hp2,
   author = {Oden, J.T. and Demkowicz, Leszek and Rachowicz, R. and Westermann, T.A.},
   journal = CMAME,
   pages = {113-180},
   title = {Toward a universal $hp$ adaptive finite element strategy. {Part 2:} a posteriori error estimation},
   volume = {77},
   year = {1989}}

@article{demkowicz1989-hp3,
   author = {Rachowicz, W. and Oden, J.T. and Demkowicz, Leszek},
   journal = CMAME,
   pages = {181-212},
   title = {Toward a universal $hp$ adaptive finite element strategy. {Part 3:} design of $hp$ meshes},
   volume = {77},
   year = {1989}}

@article{babuska1999dispersion,
   author = {Deraemaeker, A. and Babu{\v{s}}ka, Ivo M. and Bouillard, P.},
   journal = IJNME,
   number = {4},
   pages = {471--499},
   publisher = {Wiley Online Library},
   title = {Dispersion and pollution of the {FEM} solution for the {Helmholtz} equation in one, two and three dimensions},
   volume = {46},
   year = {1999}}

@article{ihlenburg1995finite,
   title = {Finite element solution of the {Helmholtz} equation with high wave number part I: the h-version of the {FEM}},
   author = {Ihlenburg, F. and Babu{\v{s}}ka, I.},
   journal = CAMWA,
   volume = {30},
   number = {9},
   pages = {9--37},
   year = {1995},
   publisher = {Elsevier}}

@article{ihlenburg1997finite,
   author = {Ihlenburg, Frank and Babu{\v{s}}ka, Ivo M.},
   journal = JNA,
   number = {1},
   pages = {315--358},
   publisher = {SIAM},
   title = {Finite element solution of the {Helmholtz} equation with high wave number part {II}: the h-p version of the {FEM}},
   volume = {34},
   year = {1997}}

@article{ainsworth2006dispersive,
   author = {Ainsworth, Mark and Monk, Peter and Muniz, W.},
   journal = JOSC,
   number = {1-3},
   pages = {5--40},
   publisher = {Springer},
   title = {Dispersive and dissipative properties of discontinuous {Galerkin} finite element methods for the second-order wave equation},
   volume = {27},
   year = {2006}}

@article{chan2014dpg,
   author = {Chan, Jesse and Demkowicz, Leszek and Moser, Robert},
   journal = CaF,
   pages = {69--90},
   publisher = {Elsevier},
   title = {A {DPG} method for steady viscous compressible flow},
   volume = {98},
   year = {2014}}

@article{demkowicz2017dpg,
   author = {Demkowicz, Leszek and Gopalakrishnan, Jay},
   title = {Discontinuous {Petrov--Galerkin} {(DPG)} method},
   journal = {Encyclopedia of Computational Mechanics Second Edition},
   pages = {1--15},
   publisher = {John Wiley \& Sons},
   year = {2017},
   doi = {10.1002/9781119176817.ecm2105}}

@article{melenk2011conv,
   author = {Melenk, Jens Markus and Sauter, Stefan A.},
   journal = JNA,
   number = {3},
   pages = {1210--1243},
   publisher = {SIAM},
   title = {Wavenumber explicit convergence analysis for {Galerkin} discretizations of the {Helmholtz} equation},
   volume = {49},
   year = {2011}}

@article{melenk2020maxwell,
   title = {Wavenumber-explicit hp-{FEM} analysis for {Maxwell's} equations with transparent boundary conditions},
   author = {Melenk, Jens Markus and Sauter, Stefan A.},
   journal = FOCM,
   pages = {1--117},
   year = {2020},
   publisher = {Springer},
   doi = {10.1007/s10208-020-09452-1}}

@article{fuentes2017viscoelasticity,
   author = {Fuentes, Federico and Demkowicz, Leszek and Wilder, A.},
   journal = CAMWA,
   pages = {748--765},
   publisher = {Elsevier},
   title = {Using a {DPG} method to validate {DMA} experimental calibration of viscoelastic materials},
   volume = {325},
   year = {2017},
   doi = {10.1016/j.cma.2017.07.012}}

@article{broersen2018stability,
   title = {On the stability of {DPG} formulations of transport equations},
   author = {Broersen, D. and Dahmen, Wolfgang and Stevenson, Rob},
   journal = MCAMS,
   volume = {87},
   number = {311},
   pages = {1051--1082},
   year = {2018}}

@article{keith2017fluids,
   title = {An ultraweak {DPG} method for viscoelastic fluids},
   author = {Keith, Brendan and Knechtges, P. and Roberts, Nathan V. and Elgeti, S. and Behr, M. and Demkowicz, Leszek},
   journal = JNNFM,
   volume = {247},
   pages = {107--122},
   year = {2017},
   publisher = {Elsevier}}

@article{babuska1997pollution,
   author = {Babu{\v{s}}ka, Ivo M. and Sauter, Stefan A.},
   journal = JNA,
   number = {6},
   pages = {2392--2423},
   publisher = {SIAM},
   title = {Is the pollution effect of the {FEM} avoidable for the {Helmholtz} equation considering high wave numbers?},
   volume = {34},
   year = {1997},
   doi = {10.1137/S0036142994269186}}

@article{bangerth2007deal,
   title = {deal.II--general-purpose object-oriented finite element library},
   author = {Bangerth, Wolfgang and Hartmann, Ralf and Kanschat, Guido},
   journal = ACMTMS,
   volume = {33},
   number = {4},
   pages = {24--es},
   year = {2007},
   publisher = {ACM New York, NY, USA}}

@article{anderson2021mfem,
   title = {MFEM: A modular finite element methods library},
   author = {Anderson, Robert and Andrej, Julian and Barker, Andrew and Bramwell, Jamie and Camier, Jean-Sylvain and Cerveny, Jakub and Dobrev, Veselin and Dudouit, Yohann and Fisher, Aaron and Kolev, Tzanio and others},
   journal = CAMWA,
   volume = {81},
   pages = {42--74},
   year = {2021},
   publisher = {Elsevier}}

@article{ZoltanOverviewArticle2002,
   author = {K. Devine and E. Boman and R. Heaphy and B. Hendrickson and C. Vaughan},
   journal = CSE,
   number = {2},
   pages = {90--97},
   title = {Zoltan data management services for parallel dynamic applications},
   volume = {4},
   year = {2002},
   doi = {10.1109/5992.988653}}

@inbook{ahrens2005paraview,
   title = {Paraview: an end-user tool for large data visualization},
   author = {Ahrens, J. and Geveci, B. and Law, C.},
   booktitle = {The Visualization Handbook},
   year = {2005},
   publisher = {Elsevier}}

@article{fuentes2015shape,
   author = {Fuentes, Federico and Keith, Brendan and Demkowicz, Leszek and Nagaraj, Sriram},
   journal = CAMWA,
   number = {4},
   pages = {353--458},
   publisher = {Elsevier},
   title = {Orientation embedded high order shape functions for the exact sequence elements of all shapes},
   volume = {70},
   year = {2015},
   doi = {10.1016/j.camwa.2015.04.027}}

@article{babuska1971error,
   author = {Babu{\v{s}}ka, Ivo M.},
   journal = NM,
   number = {4},
   pages = {322--333},
   publisher = {Springer},
   title = {Error-bounds for finite element method},
   volume = {16},
   year = {1971}}

@article{demkowicz2013primal,
   author = {Demkowicz, Leszek and Gopalakrishnan, Jay},
   journal = CAMWA,
   number = {6},
   pages = {1058--1064},
   publisher = {Elsevier},
   title = {A primal {DPG} method without a first-order reformulation},
   volume = {66},
   year = {2013}}

@article{carstensen2016breaking,
   Annote = {see also ICES Report 15-18},
   author = {Carstensen, Carsten and Demkowicz, Leszek and Gopalakrishnan, Jay},
   journal = CAMWA,
   number = {3},
   pages = {494-522},
   title = {Breaking spaces and forms for the {DPG} method and applications including {Maxwell} equations},
   volume = {72},
   year = {2016},
   doi = {10.1016/j.camwa.2016.05.004}}

@article{demkowicz2017spacetime,
   title = {A spacetime {DPG} method for the {Schr\"odinger} equation},
   author = {Demkowicz, Leszek and Gopalakrishnan, Jay and Nagaraj, Sriram and Sepulveda, P.},
   journal = JNA,
   volume = {55},
   number = {4},
   pages = {1740--1759},
   year = {2017},
   publisher = {SIAM}}

@article{gopala2014practical,
   author = {Gopalakrishnan, Jay and Qiu, W.},
   journal = MCAMS,
   number = {286},
   pages = {537--552},
   title = {An analysis of the practical {DPG} method},
   volume = {83},
   year = {2014},
   doi = {10.1090/S0025-5718-2013-02721-4}}

@article{keith2017dls,
   author = {Keith, Brendan and Petrides, Socratis and Fuentes, Federico and Demkowicz, Leszek},
   journal = CMAME,
   pages = {226--255},
   publisher = {Elsevier},
   title = {Discrete least-squares finite element methods},
   volume = {327},
   year = {2017}}

@Article{demkowicz2020dpgstar,
   author = {Demkowicz, Leszek and Gopalakrishnan, Jay and Keith, Brendan},
   title = {The {DPG-Star} Method},
   journal = CAMWA,
   year = {2020},
   volume = {79},
   number = {11},
   pages = {3092-3116}}

@article{nagaraj2017fortin,
   author = {Nagaraj, Sriram and Petrides, Socratis and Demkowicz, Leszek},
   journal = CAMWA,
   number = {8},
   pages = {1964--1980},
   publisher = {Elsevier},
   title = {Construction of {DPG Fortin} operators for second order problems},
   volume = {74},
   year = {2017},
   doi = {10.1016/j.camwa.2017.05.030}}

@article{petrides2017adaptive,
   author = {Petrides, Socratis and Demkowicz, Leszek},
   journal = CAMWA,
   number = {8},
   pages = {1999--2017},
   publisher = {Elsevier},
   title = {An adaptive {DPG} method for high frequency time-harmonic wave propagation problems},
   volume = {74},
   year = {2017},
   doi = {10.1016/j.camwa.2017.06.044}}

@phdthesis{melenk1995phd,
   author = {Melenk, Jens Markus},
   School = {University of Maryland at College Park},
   title = {On generalized finite element methods},
   year = {1995}}

@phdthesis{kim2013phd,
   author = {Kim, Kyungjoo},
   School = {The University of Texas at Austin},
   title = {Finite element modeling of electromagnetic radiation and induced heat transfer in the human body},
   year = {2013},
   doi = {2152/21292}}

@phdthesis{gatto2012phd,
   author = {Gatto, Paolo},
   School = {The University of Texas at Austin},
   title = {Modeling bone conduction of sound in the human head using hp-finite elements},
   year = {2012},
   doi = {2152/19517}}

@article{demkowicz2011bone,
   author = {Demkowicz, Leszek and Gatto, Paolo and Kurtz, Jason and Paszynski, M. and Rachowicz, W. and Bleszynski, E. and Bleszynski, M. and Hamilton, M. and Champlin, C.},
   title = {Modeling of bone conduction of sound in the human head using $hp$ finite elements. {I. Code} design and verification},
   journal = CMAME,
   year = {2011},
   volume = {200},
   number = {21-22},
   pages = {1757--1773},
   doi = {10.1016/j.cma.2011.02.001}}

@article{gatto2013bone,
   author = {Gatto, Paolo and Demkowicz, Leszek},
   title = {Modeling of bone conduction of sound in the human head: {II. Simulation} results},
   journal = JCA,
   year = {2013},
   volume = {21},
   number = {4},
   pages = {1--30},
   doi = {10.1142/S0218396X13500136}}

@article{gatto2010shape,
   author = {Gatto, Paolo and Demkowicz, Leszek},
   title = {Construction of ${H}^1$-conforming hierarchical shape functions for elements of all shapes and transfinite interpolation},
   journal = FEAD,
   year = {2010},
   volume = {46},
   pages = {474--486},
   doi = {10.1016/j.finel.2010.01.005}}

@article{demkowicz2012wavenumber,
   author = {Demkowicz, Leszek and Gopalakrishnan, Jay and Muga, I. and Zitelli, J.},
   journal = CMAME,
   pages = {126--138},
   publisher = {Elsevier},
   title = {Wavenumber explicit analysis of a {DPG} method for the multidimensional {Helmholtz} equation},
   volume = {213},
   year = {2012}}

@article{gopala2014helmholtz,
   author = {Gopalakrishnan, Jay and Muga, I. and Olivares, N.},
   journal = JSC,
   number = {1},
   pages = {A20--A39},
   publisher = {SIAM},
   title = {Dispersive and dissipative errors in the {DPG} method with scaled norms for {Helmholtz} equation},
   volume = {36},
   year = {2014}}

@article{keith2016elasticity,
   author = {Keith, Brendan and Fuentes, Federico and Demkowicz, Leszek},
   journal = CMAME,
   pages = {579--609},
   publisher = {Elsevier},
   title = {The {DPG} methodology applied to different variational formulations of linear elasticity},
   volume = {309},
   year = {2016},
   doi = {10.1016/j.cma.2016.05.034}}

@article{fuentes2017coupled,
   title = {Coupled variational formulations of linear elasticity and the {DPG} methodology},
   author = {Fuentes, Federico and Keith, Brendan and Demkowicz, Leszek and Le Tallec, Patrick},
   journal = JCP,
   volume = {348},
   pages = {715--731},
   year = {2017},
   publisher = {Elsevier},
   doi = {10.1016/j.jcp.2017.07.051}}

@article{demkowicz2015various,
   author = {Demkowicz, Leszek},
   journal = {ICES Report},
   title = {Various variational formulations and closed range theorem},
   year = {2015}}

@article{carstensen2016elasticity,
   author = {Carstensen, Carsten and Hellwig, F.},
   journal = JNA,
   number = {6},
   pages = {3388--3410},
   publisher = {SIAM},
   title = {Low-order discontinuous {Petrov--Galerkin} finite element methods for linear elasticity},
   volume = {54},
   year = {2016}}

@article{tofu2017heat,
   author = {F{\"u}hrer, Thomas and Heuer, Norbert and Gupta, J. S.},
   journal = CMAM,
   number = {2},
   pages = {237--252},
   publisher = {De Gruyter},
   title = {A time-stepping {DPG} scheme for the heat equation},
   volume = {17},
   year = {2017}}

@article{mora2019fast,
   author = {Mora, Jaime David and Demkowicz, Leszek},
   journal = CMAM,
   number = {3},
   pages = {523--555},
   publisher = {De Gruyter},
   title = {Fast integration of {DPG} matrices based on sum factorization for all the energy spaces},
   volume = {19},
   year = {2019},
   doi = {10.1515/cmam-2018-0205}}

@article{nagaraj2018raman,
   author = {Nagaraj, Sriram and Grosek, Jacob and Petrides, Socratis and Demkowicz, Leszek and Mora, Jaime David},
   journal = JCP,
   pages = {100002},
   publisher = {Elsevier},
   title = {A {3D} {DPG} {Maxwell} approach to nonlinear {Raman} gain in fiber laser amplifiers},
   volume = {2},
   year = {2019},
   doi = {10.1016/j.jcpx.2019.100002}}

@article{astaneh2018pml,
   title = {On perfectly matched layers for discontinuous {Petrov--Galerkin} methods},
   author = {Astaneh, Ali V. and Keith, Brendan and Demkowicz, Leszek},
   journal = CM,
   number = {6},
   pages = {1131-1145},
   volume = {63},
   year = {2019},
   doi = {10.1007/s00466-018-1640-3}}
